<?xml version="1.0" encoding="UTF-8"?><record xmlns="http://www.loc.gov/MARC21/slim" xmlns:cinclude="http://apache.org/cocoon/include/1.0" xmlns:zs="http://www.loc.gov/zing/srw/">
  <leader>00476cz  a2200145n  4500</leader>
  <controlfield tag="001">n 2006083119</controlfield>
  <controlfield tag="003">DLC</controlfield>
  <controlfield tag="005">20140920073914.0</controlfield>
  <controlfield tag="008">061030n| azannaabn          |a aaa      </controlfield>
  <datafield tag="010" ind1=" " ind2=" ">
    <subfield code="a">n 2006083119</subfield>
  </datafield>
  <datafield tag="035" ind1=" " ind2=" ">
    <subfield code="a">(OCoLC)oca07093933</subfield>
  </datafield>
  <datafield tag="040" ind1=" " ind2=" ">
    <subfield code="a">DLC</subfield>
    <subfield code="b">eng</subfield>
    <subfield code="c">DLC</subfield>
    <subfield code="e">rda</subfield>
    <subfield code="d">DNLM</subfield>
  </datafield>
  <datafield tag="100" ind1="1" ind2=" ">
    <subfield code="a">Kingsman, Dorothea</subfield>
  </datafield>
  <datafield tag="400" ind1="1" ind2=" ">
    <subfield code="a">Maunsell, Dorothea</subfield>
  </datafield>
  <datafield tag="670" ind1=" " ind2=" ">
    <subfield code="a">Dorothea Kingsman, against Ferdinando Tenducci, not before 1775:</subfield>
    <subfield code="b">t.p. (Dorothea Kingsman) p. 23 (Dorothea Kingsman, formerly Maunsell)</subfield>
  </datafield>
</record>